@article{Akindinov:2019flp,
    author = "Akindinov, A. V. and others",
    title = "{Letter of Interest for a Neutrino Beam from Protvino to KM3NeT/ORCA}",
    eprint = "1902.06083",
    archivePrefix = "arXiv",
    primaryClass = "physics.ins-det",
    doi = "10.1140/epjc/s10052-019-7259-5",
    journal = "Eur. Phys. J. C",
    volume = "79",
    number = "9",
    pages = "758",
    year = "2019"
}
